<?xml version="1.0" encoding="UTF-8"?><record xmlns="http://www.loc.gov/MARC21/slim" xmlns:cinclude="http://apache.org/cocoon/include/1.0" xmlns:zs="http://www.loc.gov/zing/srw/">
  <leader>00507cz  a2200145n  4500</leader>
  <controlfield tag="001">n  84163300 </controlfield>
  <controlfield tag="003">DLC</controlfield>
  <controlfield tag="005">20080627074929.0</controlfield>
  <controlfield tag="008">850401n| acannaabn          |a aaa      </controlfield>
  <datafield tag="010" ind1=" " ind2=" ">
    <subfield code="a">n  84163300 </subfield>
  </datafield>
  <datafield tag="035" ind1=" " ind2=" ">
    <subfield code="a">(OCoLC)oca01315880</subfield>
  </datafield>
  <datafield tag="040" ind1=" " ind2=" ">
    <subfield code="a">DLC</subfield>
    <subfield code="b">eng</subfield>
    <subfield code="c">DLC</subfield>
    <subfield code="d">OCoLC</subfield>
  </datafield>
  <datafield tag="100" ind1="1" ind2=" ">
    <subfield code="a">Makasa, Kapasa</subfield>
  </datafield>
  <datafield tag="400" ind1="1" ind2=" ">
    <subfield code="a">Makasa, Robert Speedwell</subfield>
  </datafield>
  <datafield tag="670" ind1=" " ind2=" ">
    <subfield code="a">His March to political freedom, 1981:</subfield>
    <subfield code="b">t.p. (Kapasa Makasa) frwd., etc. (formerly Robert Speedwell Makasa; Div. President, United National Independ. Party, N. Rhodesia)</subfield>
  </datafield>
</record>